<?xml version="1.0" encoding="UTF-8"?>
  <record xmlns="http://www.loc.gov/MARC21/slim" type="Authority">
    <leader>00000nz  a2200000nc 4500</leader>
    <controlfield tag="001">10210915X</controlfield>
    <controlfield tag="003">DE-101</controlfield>
    <controlfield tag="005">20220505114135.0</controlfield>
    <controlfield tag="008">920623n||azznnaabn           | aaa    |c</controlfield>
    <datafield tag="024" ind1="7" ind2=" ">
      <subfield code="a">10210915X</subfield>
      <subfield code="0">http://d-nb.info/gnd/10210915X</subfield>
      <subfield code="2">gnd</subfield>
    </datafield>
    <datafield tag="035" ind1=" " ind2=" ">
      <subfield code="a">(DE-101)10210915X</subfield>
    </datafield>
    <datafield tag="035" ind1=" " ind2=" ">
      <subfield code="a">(DE-588)10210915X</subfield>
    </datafield>
    <datafield tag="035" ind1=" " ind2=" ">
      <subfield code="z">(DE-588)1089752032</subfield>
    </datafield>
    <datafield tag="035" ind1=" " ind2=" ">
      <subfield code="z">(DE-588)18054845X</subfield>
    </datafield>
    <datafield tag="035" ind1=" " ind2=" ">
      <subfield code="z">(DE-588a)18054845X</subfield>
      <subfield code="9">v:zg</subfield>
    </datafield>
    <datafield tag="035" ind1=" " ind2=" ">
      <subfield code="z">(DE-588a)10210915X</subfield>
      <subfield code="9">v:zg</subfield>
    </datafield>
    <datafield tag="035" ind1=" " ind2=" ">
      <subfield code="z">(DE-588c)4516084-3</subfield>
      <subfield code="9">v:zg</subfield>
    </datafield>
    <datafield tag="040" ind1=" " ind2=" ">
      <subfield code="a">DE-12</subfield>
      <subfield code="c">DE-12</subfield>
      <subfield code="9">r:DE-12</subfield>
      <subfield code="b">ger</subfield>
      <subfield code="d">1031</subfield>
      <subfield code="e">rda</subfield>
    </datafield>
    <datafield tag="042" ind1=" " ind2=" ">
      <subfield code="a">gnd1</subfield>
    </datafield>
    <datafield tag="043" ind1=" " ind2=" ">
      <subfield code="c">XA-DE</subfield>
    </datafield>
    <datafield tag="065" ind1=" " ind2=" ">
      <subfield code="a">16.5p</subfield>
      <subfield code="2">sswd</subfield>
    </datafield>
    <datafield tag="075" ind1=" " ind2=" ">
      <subfield code="b">p</subfield>
      <subfield code="2">gndgen</subfield>
    </datafield>
    <datafield tag="075" ind1=" " ind2=" ">
      <subfield code="b">piz</subfield>
      <subfield code="2">gndspec</subfield>
    </datafield>
    <datafield tag="079" ind1=" " ind2=" ">
      <subfield code="a">g</subfield>
      <subfield code="q">a</subfield>
      <subfield code="q">f</subfield>
      <subfield code="q">s</subfield>
      <subfield code="q">z</subfield>
      <subfield code="q">h</subfield>
      <subfield code="u">v</subfield>
      <subfield code="u">w</subfield>
      <subfield code="u">k</subfield>
    </datafield>
    <datafield tag="100" ind1="0" ind2=" ">
      <subfield code="a">Friedrich</subfield>
      <subfield code="b">I.</subfield>
      <subfield code="c">Sachsen-Gotha-Altenburg, Herzog</subfield>
      <subfield code="d">1646-1691</subfield>
    </datafield>
    <datafield tag="375" ind1=" " ind2=" ">
      <subfield code="a">1</subfield>
      <subfield code="2">iso5218</subfield>
    </datafield>
    <datafield tag="400" ind1="0" ind2=" ">
      <subfield code="a">Friedrich</subfield>
      <subfield code="c">Sachsen, Herzog</subfield>
      <subfield code="d">1646-1691</subfield>
    </datafield>
    <datafield tag="400" ind1="0" ind2=" ">
      <subfield code="a">Friederich</subfield>
      <subfield code="c">Sachsen, Herzog</subfield>
      <subfield code="d">1646-1691</subfield>
    </datafield>
    <datafield tag="400" ind1="0" ind2=" ">
      <subfield code="a">Friedrich</subfield>
      <subfield code="c">Sachsen-Jülich-Cleve, Herzog</subfield>
      <subfield code="d">1646-1691</subfield>
    </datafield>
    <datafield tag="400" ind1="0" ind2=" ">
      <subfield code="a">Fridericus</subfield>
      <subfield code="c">Saxonia-Juliacus-Clivia-Mons, Dux, Senior</subfield>
      <subfield code="d">1646-1691</subfield>
    </datafield>
    <datafield tag="400" ind1="0" ind2=" ">
      <subfield code="a">Frideric</subfield>
      <subfield code="c">Saxe, Prince</subfield>
      <subfield code="d">1646-1691</subfield>
    </datafield>
    <datafield tag="400" ind1="0" ind2=" ">
      <subfield code="a">Friederich</subfield>
      <subfield code="c">Sachsen-Jülich-Cleve-Berg, Herzog</subfield>
      <subfield code="d">1646-1691</subfield>
    </datafield>
    <datafield tag="400" ind1="0" ind2=" ">
      <subfield code="a">Friedrich</subfield>
      <subfield code="c">Sachsen-Jülich-Cleve-Berg, Herzog</subfield>
      <subfield code="d">1646-1691</subfield>
    </datafield>
    <datafield tag="400" ind1="0" ind2=" ">
      <subfield code="a">Friedrich</subfield>
      <subfield code="c">Sachsen-Jülich-Kleve-Berg, Herzog</subfield>
      <subfield code="d">1646-1691</subfield>
    </datafield>
    <datafield tag="400" ind1="0" ind2=" ">
      <subfield code="a">Friedrich</subfield>
      <subfield code="c">Sachsen-Gotha, Herzog</subfield>
      <subfield code="d">1646-1691</subfield>
    </datafield>
    <datafield tag="500" ind1="0" ind2=" ">
      <subfield code="0">(DE-101)118530887</subfield>
      <subfield code="0">(DE-588)118530887</subfield>
      <subfield code="0">https://d-nb.info/gnd/118530887</subfield>
      <subfield code="a">Ernst</subfield>
      <subfield code="b">I.</subfield>
      <subfield code="c">Sachsen-Gotha-Altenburg, Herzog</subfield>
      <subfield code="d">1601-1675</subfield>
      <subfield code="4">bezf</subfield>
      <subfield code="4">https://d-nb.info/standards/elementset/gnd#familialRelationship</subfield>
      <subfield code="w">r</subfield>
      <subfield code="i">Beziehung familiaer</subfield>
      <subfield code="e">Beziehung familiaer</subfield>
      <subfield code="9">v:Vater</subfield>
    </datafield>
    <datafield tag="500" ind1="0" ind2=" ">
      <subfield code="0">(DE-101)120826038</subfield>
      <subfield code="0">(DE-588)120826038</subfield>
      <subfield code="0">https://d-nb.info/gnd/120826038</subfield>
      <subfield code="a">Elisabeth Sophia</subfield>
      <subfield code="c">Sachsen-Gotha-Altenburg, Herzogin</subfield>
      <subfield code="d">1619-1680</subfield>
      <subfield code="4">bezf</subfield>
      <subfield code="4">https://d-nb.info/standards/elementset/gnd#familialRelationship</subfield>
      <subfield code="w">r</subfield>
      <subfield code="i">Beziehung familiaer</subfield>
      <subfield code="e">Beziehung familiaer</subfield>
      <subfield code="9">v:Mutter</subfield>
    </datafield>
    <datafield tag="500" ind1="0" ind2=" ">
      <subfield code="0">(DE-101)104376600</subfield>
      <subfield code="0">(DE-588)104376600</subfield>
      <subfield code="0">https://d-nb.info/gnd/104376600</subfield>
      <subfield code="a">Magdalena Sibylle</subfield>
      <subfield code="c">Sachsen-Gotha-Altenburg, Herzogin</subfield>
      <subfield code="d">1648-1681</subfield>
      <subfield code="4">bezf</subfield>
      <subfield code="4">https://d-nb.info/standards/elementset/gnd#familialRelationship</subfield>
      <subfield code="w">r</subfield>
      <subfield code="i">Beziehung familiaer</subfield>
      <subfield code="e">Beziehung familiaer</subfield>
      <subfield code="9">v:1. Ehefrau</subfield>
    </datafield>
    <datafield tag="500" ind1="0" ind2=" ">
      <subfield code="0">(DE-101)102109117</subfield>
      <subfield code="0">(DE-588)102109117</subfield>
      <subfield code="0">https://d-nb.info/gnd/102109117</subfield>
      <subfield code="a">Friedrich</subfield>
      <subfield code="b">II.</subfield>
      <subfield code="c">Sachsen-Gotha-Altenburg, Herzog</subfield>
      <subfield code="d">1676-1732</subfield>
      <subfield code="4">bezf</subfield>
      <subfield code="4">https://d-nb.info/standards/elementset/gnd#familialRelationship</subfield>
      <subfield code="w">r</subfield>
      <subfield code="i">Beziehung familiaer</subfield>
      <subfield code="e">Beziehung familiaer</subfield>
      <subfield code="9">v:Sohn</subfield>
    </datafield>
    <datafield tag="500" ind1="0" ind2=" ">
      <subfield code="0">(DE-101)121002756</subfield>
      <subfield code="0">(DE-588)121002756</subfield>
      <subfield code="0">https://d-nb.info/gnd/121002756</subfield>
      <subfield code="a">Johann Wilhelm</subfield>
      <subfield code="c">Sachsen-Gotha-Altenburg, Herzog</subfield>
      <subfield code="d">1677-1707</subfield>
      <subfield code="4">bezf</subfield>
      <subfield code="4">https://d-nb.info/standards/elementset/gnd#familialRelationship</subfield>
      <subfield code="w">r</subfield>
      <subfield code="i">Beziehung familiaer</subfield>
      <subfield code="e">Beziehung familiaer</subfield>
      <subfield code="9">v:Sohn</subfield>
    </datafield>
    <datafield tag="500" ind1="0" ind2=" ">
      <subfield code="0">(DE-101)121279553</subfield>
      <subfield code="0">(DE-588)121279553</subfield>
      <subfield code="0">https://d-nb.info/gnd/121279553</subfield>
      <subfield code="a">Anna Sophia</subfield>
      <subfield code="c">Schwarzburg-Rudolstadt, Fürstin, 1670-1728</subfield>
      <subfield code="d">1670-1728</subfield>
      <subfield code="4">bezf</subfield>
      <subfield code="4">https://d-nb.info/standards/elementset/gnd#familialRelationship</subfield>
      <subfield code="w">r</subfield>
      <subfield code="i">Beziehung familiaer</subfield>
      <subfield code="e">Beziehung familiaer</subfield>
      <subfield code="9">v:Tochter</subfield>
    </datafield>
    <datafield tag="500" ind1="0" ind2=" ">
      <subfield code="0">(DE-101)104175281</subfield>
      <subfield code="0">(DE-588)104175281</subfield>
      <subfield code="0">https://d-nb.info/gnd/104175281</subfield>
      <subfield code="a">Dorothea Maria</subfield>
      <subfield code="c">Sachsen-Coburg-Meiningen, Herzogin</subfield>
      <subfield code="d">1674-1713</subfield>
      <subfield code="4">bezf</subfield>
      <subfield code="4">https://d-nb.info/standards/elementset/gnd#familialRelationship</subfield>
      <subfield code="w">r</subfield>
      <subfield code="i">Beziehung familiaer</subfield>
      <subfield code="e">Beziehung familiaer</subfield>
      <subfield code="9">v:Tochter</subfield>
    </datafield>
    <datafield tag="500" ind1="0" ind2=" ">
      <subfield code="0">(DE-101)11929463X</subfield>
      <subfield code="0">(DE-588)11929463X</subfield>
      <subfield code="0">https://d-nb.info/gnd/11929463X</subfield>
      <subfield code="a">Friederike</subfield>
      <subfield code="c">Anhalt-Zerbst, Fürstin</subfield>
      <subfield code="d">1675-1709</subfield>
      <subfield code="4">bezf</subfield>
      <subfield code="4">https://d-nb.info/standards/elementset/gnd#familialRelationship</subfield>
      <subfield code="w">r</subfield>
      <subfield code="i">Beziehung familiaer</subfield>
      <subfield code="e">Beziehung familiaer</subfield>
      <subfield code="9">v:Tochter</subfield>
    </datafield>
    <datafield tag="500" ind1="0" ind2=" ">
      <subfield code="0">(DE-101)1042978743</subfield>
      <subfield code="0">(DE-588)1042978743</subfield>
      <subfield code="0">https://d-nb.info/gnd/1042978743</subfield>
      <subfield code="a">Elisabeth</subfield>
      <subfield code="c">Sachsen-Gotha-Altenburg, Prinzessin</subfield>
      <subfield code="d">1679-1680</subfield>
      <subfield code="4">bezf</subfield>
      <subfield code="4">https://d-nb.info/standards/elementset/gnd#familialRelationship</subfield>
      <subfield code="w">r</subfield>
      <subfield code="i">Beziehung familiaer</subfield>
      <subfield code="e">Beziehung familiaer</subfield>
      <subfield code="9">v:Tochter</subfield>
    </datafield>
    <datafield tag="500" ind1="0" ind2=" ">
      <subfield code="0">(DE-101)121002543</subfield>
      <subfield code="0">(DE-588)121002543</subfield>
      <subfield code="0">https://d-nb.info/gnd/121002543</subfield>
      <subfield code="a">Christina</subfield>
      <subfield code="c">Sachsen-Gotha-Altenburg, Herzogin</subfield>
      <subfield code="d">1645-1705</subfield>
      <subfield code="4">bezf</subfield>
      <subfield code="4">https://d-nb.info/standards/elementset/gnd#familialRelationship</subfield>
      <subfield code="w">r</subfield>
      <subfield code="i">Beziehung familiaer</subfield>
      <subfield code="e">Beziehung familiaer</subfield>
      <subfield code="9">v:2. Ehefrau</subfield>
    </datafield>
    <datafield tag="530" ind1=" " ind2="0">
      <subfield code="0">(DE-101)1081846151</subfield>
      <subfield code="0">(DE-588)1081846151</subfield>
      <subfield code="0">https://d-nb.info/gnd/1081846151</subfield>
      <subfield code="a">Einband</subfield>
      <subfield code="g">Initiale, Friedrich I., Sachsen-Gotha-Altenburg, Herzog</subfield>
      <subfield code="n">01</subfield>
      <subfield code="4">rela</subfield>
      <subfield code="4">https://d-nb.info/standards/elementset/gnd#relatedWork</subfield>
      <subfield code="w">r</subfield>
      <subfield code="i">Relation allgemein</subfield>
    </datafield>
    <datafield tag="530" ind1=" " ind2="0">
      <subfield code="0">(DE-101)1081846569</subfield>
      <subfield code="0">(DE-588)1081846569</subfield>
      <subfield code="0">https://d-nb.info/gnd/1081846569</subfield>
      <subfield code="a">Einband</subfield>
      <subfield code="g">Wappen, Friedrich I., Sachsen-Gotha-Altenburg, Herzog</subfield>
      <subfield code="n">01</subfield>
      <subfield code="4">rela</subfield>
      <subfield code="4">https://d-nb.info/standards/elementset/gnd#relatedWork</subfield>
      <subfield code="w">r</subfield>
      <subfield code="i">Relation allgemein</subfield>
    </datafield>
    <datafield tag="548" ind1=" " ind2=" ">
      <subfield code="a">1646-1691</subfield>
      <subfield code="4">datl</subfield>
      <subfield code="4">https://d-nb.info/standards/elementset/gnd#dateOfBirthAndDeath</subfield>
      <subfield code="w">r</subfield>
      <subfield code="i">Lebensdaten</subfield>
    </datafield>
    <datafield tag="548" ind1=" " ind2=" ">
      <subfield code="a">15.07.1646-02.08.1691</subfield>
      <subfield code="4">datx</subfield>
      <subfield code="4">https://d-nb.info/standards/elementset/gnd#dateOfBirthAndDeath</subfield>
      <subfield code="w">r</subfield>
      <subfield code="i">Exakte Lebensdaten</subfield>
    </datafield>
    <datafield tag="550" ind1=" " ind2=" ">
      <subfield code="0">(DE-101)040004643</subfield>
      <subfield code="0">(DE-588)4000464-8</subfield>
      <subfield code="0">https://d-nb.info/gnd/4000464-8</subfield>
      <subfield code="a">Adel</subfield>
      <subfield code="4">obin</subfield>
      <subfield code="4">https://d-nb.info/standards/elementset/gnd#broaderTermInstantial</subfield>
      <subfield code="w">r</subfield>
      <subfield code="i">Oberbegriff instantiell</subfield>
    </datafield>
    <datafield tag="551" ind1=" " ind2=" ">
      <subfield code="0">(DE-101)040216527</subfield>
      <subfield code="0">(DE-588)4021652-4</subfield>
      <subfield code="0">https://d-nb.info/gnd/4021652-4</subfield>
      <subfield code="a">Gotha</subfield>
      <subfield code="4">ortg</subfield>
      <subfield code="4">https://d-nb.info/standards/elementset/gnd#placeOfBirth</subfield>
      <subfield code="w">r</subfield>
      <subfield code="i">Geburtsort</subfield>
    </datafield>
    <datafield tag="551" ind1=" " ind2=" ">
      <subfield code="0">(DE-101)1183968396</subfield>
      <subfield code="0">(DE-588)1183968396</subfield>
      <subfield code="0">https://d-nb.info/gnd/1183968396</subfield>
      <subfield code="a">Friedrichswerth</subfield>
      <subfield code="4">orts</subfield>
      <subfield code="4">https://d-nb.info/standards/elementset/gnd#placeOfDeath</subfield>
      <subfield code="w">r</subfield>
      <subfield code="i">Sterbeort</subfield>
    </datafield>
    <datafield tag="667" ind1=" " ind2=" ">
      <subfield code="a">7</subfield>
    </datafield>
    <datafield tag="667" ind1=" " ind2=" ">
      <subfield code="a">VD-17</subfield>
    </datafield>
    <datafield tag="667" ind1=" " ind2=" ">
      <subfield code="a">12</subfield>
    </datafield>
    <datafield tag="670" ind1=" " ind2=" ">
      <subfield code="a">ADB</subfield>
      <subfield code="u">https://www.deutsche-biographie.de/sfz53024.html#adbcontent</subfield>
    </datafield>
    <datafield tag="670" ind1=" " ind2=" ">
      <subfield code="a">Wikipedia</subfield>
      <subfield code="u">https://de.wikipedia.org/wiki/Friedrich_I._(Sachsen-Gotha-Altenburg)</subfield>
    </datafield>
    <datafield tag="672" ind1=" " ind2="0">
      <subfield code="a">Friedrich &lt;Sachsen-Gotha-Altenburg, Herzog, I.&gt;: Außschreiben ... - [s.a.]</subfield>
    </datafield>
    <datafield tag="678" ind1=" " ind2=" ">
      <subfield code="b">regierte ab 1674; verheiratet seit 1669 mit Magdalena Sibylla, Herzogin von Sachsen-Weißenfels, seit 1681 mit Christine, Markgräfin von Baden-Durlach</subfield>
    </datafield>
    <datafield tag="913" ind1=" " ind2=" ">
      <subfield code="S">pnd</subfield>
      <subfield code="i">5</subfield>
      <subfield code="a">Friedrich &lt;Sachsen-Gotha-Altenburg, Herzog, I.&gt;</subfield>
      <subfield code="0">(DE-588a)10210915X</subfield>
    </datafield>
    <datafield tag="913" ind1=" " ind2=" ">
      <subfield code="S">pnd</subfield>
      <subfield code="i">5</subfield>
      <subfield code="a">Friedrich &lt;Sachsen-Gotha-Altenburg, Herzog, I.&gt;</subfield>
      <subfield code="0">(DE-588a)18054845X</subfield>
    </datafield>
  </record>
